@article{noll2004investigation,
  title = {Investigation of the Helios prototype aircraft mishap volume I mishap
           report},
  author = {Noll, Thomas E and Brown, John M and Perez-Davis, Marla E and
            Ishmael, Stephen D and Tiffany, Geary C and Gaier, Matthew},
  journal = {Downloaded on},
  volume = {9},
  pages = {2004},
  year = {2004},
}
