@article{noll2004investigation,
  title = {Investigation of the Helios prototype aircraft mishap volume I mishap
           report},
  author = {Noll, Thomas E and Brown, John M and Perez-Davis, Marla E and
            Ishmael, Stephen D and Tiffany, Geary C and Gaier, Matthew},
  journal = {Downloaded on},
  volume = {9},
  pages = {2004},
  year = {2004},
}

  




@article{williams1995gaussian,
  title = {Gaussian processes for regression},
  author = {Williams, Christopher and Rasmussen, Carl},
  journal = {Advances in neural information processing systems},
  volume = {8},
  year = {1995},
}


@article{schulz2018tutorial,
  title = {A tutorial on Gaussian process regression: Modelling, exploring, and
           exploiting functions},
  author = {Schulz, Eric and Speekenbrink, Maarten and Krause, Andreas},
  journal = {Journal of Mathematical Psychology},
  volume = {85},
  pages = {1--16},
  year = {2018},
  publisher = {Elsevier},
  doi = {https://doi.org/10.1101/095190 },
}

@book{ForresterAl2008,
  title = {Engineering design via surrogate modelling: a practical guide},
  author = {Forrester, Alexander and Sobester, Andras and Keane, Andy},
  year = {2008},
  publisher = {John Wiley \& Sons},
}

@article{kennedy2000predicting,
  title = {Predicting the output from a complex computer code when fast
           approximations are available},
  author = {Kennedy, Marc C and O'Hagan, Anthony},
  journal = {Biometrika},
  volume = {87},
  number = {1},
  pages = {1--13},
  year = {2000},
  publisher = {Oxford University Press},
  doi = {https://doi.org/10.1093/biomet/87.1.1 },
}


@article{DiFioreMaininiNM2BO,
  title = {NM2-BO: Non-Myopic Multifidelity Bayesian Optimization},
  journal = {Knowledge-Based Systems},
  volume = {299},
  pages = {111959},
  year = {2024},
  issn = {0950-7051},
  doi = {https://doi.org/10.1016/j.knosys.2024.111959},
  author = {Francesco {Di Fiore} and Laura Mainini},
}
@book{Bertsekas1995,
  title = {Dynamic programming and optimal control: Volume I},
  author = {Bertsekas, Dimitri},
  volume = {1},
  year = {1995},
  publisher = {Athena scientific},
}

@book{Powell2007,
  title = {Approximate Dynamic Programming: Solving the curses of dimensionality
           },
  author = {Powell, Warren B},
  volume = {703},
  year = {2007},
  publisher = {John Wiley \& Sons},
}
@article{huang2006sequential,
  title = {Sequential kriging optimization using multiple-fidelity evaluations},
  author = {Huang, Deng and Allen, Theodore T and Notz, William I and Miller, R
            Allen},
  journal = {Structural and Multidisciplinary Optimization},
  volume = {32},
  pages = {369--382},
  year = {2006},
  publisher = {Springer},
  doi = {https://doi.org/10.1007/s00158-005-0587-0},
}

@article{jones1998efficient,
  title = {Efficient global optimization of expensive black-box functions},
  author = {Jones, Donald R and Schonlau, Matthias and Welch, William J},
  journal = {Journal of Global optimization},
  volume = {13},
  pages = {455--492},
  year = {1998},
  publisher = {Springer},
}
